<record><leader>00000cas a22000007a 4500</leader><controlfield tag="001">24855207</controlfield><controlfield tag="008">911125d19661972maudr ne      0    0eng d</controlfield><datafield ind1=" " ind2=" " tag="010"><subfield code="a">sn 91058146 </subfield></datafield><datafield ind1=" " ind2=" " tag="040"><subfield code="a">MGN</subfield><subfield code="b">eng</subfield><subfield code="c">MGN</subfield><subfield code="d">OCLCQ</subfield><subfield code="d">CRL</subfield><subfield code="d">OCLCO</subfield><subfield code="d">OCLCF</subfield><subfield code="d">OCLCO</subfield></datafield><datafield ind1=" " ind2=" " tag="042"><subfield code="a">msc</subfield></datafield><datafield ind1="0" ind2=" " tag="130"><subfield code="a">Boston record American (Boston, Mass. : Cambridge Somerville ed.)</subfield></datafield><datafield ind1="1" ind2="0" tag="245"><subfield code="a">Boston record American.</subfield></datafield><datafield ind1="3" ind2="0" tag="246"><subfield code="a">Record American</subfield></datafield><datafield ind1="3" ind2="0" tag="246"><subfield code="a">Boston Sunday advertiser</subfield></datafield><datafield ind1=" " ind2=" " tag="250"><subfield code="a">Cambridge Somerville ed.</subfield></datafield><datafield ind1=" " ind2=" " tag="260"><subfield code="a">Boston, Mass. :</subfield><subfield code="b">Hearst Corp.</subfield></datafield><datafield ind1=" " ind2=" " tag="300"><subfield code="a">v.</subfield></datafield><datafield ind1=" " ind2=" " tag="310"><subfield code="a">Daily</subfield></datafield><datafield ind1="1" ind2=" " tag="362"><subfield code="a">Began Apr. 8, 1966.</subfield></datafield><datafield ind1="0" ind2=" " tag="362"><subfield code="a">-v. 11, no. 224 (June 17, 1972).</subfield></datafield><datafield ind1=" " ind2=" " tag="500"><subfield code="a">On Sundays published as: Boston Sunday advertiser.</subfield></datafield><datafield ind1=" " ind2=" " tag="588"><subfield code="a">Description based on: Vol. 5, no. 136 (Apr. 9, 1966).</subfield></datafield><datafield ind1=" " ind2="0" tag="651"><subfield code="a">Boston (Mass.)</subfield><subfield code="v">Newspapers.</subfield></datafield><datafield ind1=" " ind2="0" tag="651"><subfield code="a">Suffolk County (Mass.)</subfield><subfield code="v">Newspapers.</subfield></datafield><datafield ind1=" " ind2="0" tag="651"><subfield code="a">Middlesex County (Mass.)</subfield><subfield code="v">Newspapers.</subfield></datafield><datafield ind1=" " ind2="0" tag="651"><subfield code="a">Cambridge (Mass.)</subfield><subfield code="v">Newspapers.</subfield></datafield><datafield ind1=" " ind2="0" tag="651"><subfield code="a">Somerville (Mass.)</subfield><subfield code="v">Newspapers.</subfield></datafield><datafield ind1=" " ind2="7" tag="655"><subfield code="a">Newspapers.</subfield><subfield code="2">fast</subfield><subfield code="0">(OCoLC)fst01423814</subfield></datafield><datafield ind1=" " ind2="7" tag="651"><subfield code="a">Massachusetts</subfield><subfield code="z">Boston.</subfield><subfield code="2">fast</subfield><subfield code="0">(OCoLC)fst01205012</subfield></datafield><datafield ind1=" " ind2="7" tag="651"><subfield code="a">Massachusetts</subfield><subfield code="z">Cambridge.</subfield><subfield code="2">fast</subfield><subfield code="0">(OCoLC)fst01205363</subfield></datafield><datafield ind1=" " ind2="7" tag="651"><subfield code="a">Massachusetts</subfield><subfield code="z">Middlesex County.</subfield><subfield code="2">fast</subfield><subfield code="0">(OCoLC)fst01214394</subfield></datafield><datafield ind1=" " ind2="7" tag="651"><subfield code="a">Massachusetts</subfield><subfield code="z">Somerville.</subfield><subfield code="2">fast</subfield><subfield code="0">(OCoLC)fst01217763</subfield></datafield><datafield ind1=" " ind2="7" tag="651"><subfield code="a">Massachusetts</subfield><subfield code="z">Suffolk County.</subfield><subfield code="2">fast</subfield><subfield code="0">(OCoLC)fst01206189</subfield></datafield><datafield ind1=" " ind2=" " tag="752"><subfield code="a">United States</subfield><subfield code="b">Massachusetts</subfield><subfield code="c">Suffolk</subfield><subfield code="d">Boston.</subfield></datafield><datafield ind1=" " ind2=" " tag="752"><subfield code="a">United States</subfield><subfield code="b">Massachusetts</subfield><subfield code="c">Middlesex</subfield><subfield code="d">Cambridge.</subfield></datafield><datafield ind1=" " ind2=" " tag="752"><subfield code="a">United States</subfield><subfield code="b">Massachusetts</subfield><subfield code="c">Middlesex</subfield><subfield code="d">Somerville.</subfield></datafield><datafield ind1="0" ind2=" " tag="775"><subfield code="t">Boston record American (Boston, Mass.)</subfield><subfield code="w">(DLC)sn 91057109</subfield><subfield code="w">(OCoLC)24024648</subfield></datafield><datafield ind1="0" ind2="0" tag="780"><subfield code="t">Record American (Boston, Mass. : Cambridge Somerville ed.)</subfield><subfield code="w">(DLC)sn 91057110</subfield><subfield code="w">(OCoLC)24024663</subfield></datafield><datafield ind1="0" ind2="7" tag="785"><subfield code="t">Boston herald traveler</subfield><subfield code="w">(DLC)sn 85042626</subfield><subfield code="w">(OCoLC)12728836</subfield></datafield><datafield ind1="0" ind2="7" tag="785"><subfield code="t">Boston herald traveler and Boston record American (Boston, Mass. : Cambridge Somerville ed.)</subfield><subfield code="w">(DLC)sn 91058145</subfield><subfield code="w">(OCoLC)24855290</subfield></datafield></record>